<record><leader>00000cas a22000007a 4500</leader><controlfield tag="001">10961312</controlfield><controlfield tag="008">840718d1984200uiaudn ne      0   a0eng d</controlfield><datafield ind1=" " ind2=" " tag="010"><subfield code="a">sn 84007649 </subfield></datafield><datafield ind1=" " ind2=" " tag="040"><subfield code="a">NSD</subfield><subfield code="b">eng</subfield><subfield code="c">NSD</subfield><subfield code="d">INP</subfield><subfield code="d">NST</subfield><subfield code="d">NSD</subfield><subfield code="d">CUS</subfield><subfield code="d">OCLCQ</subfield><subfield code="d">OCLCF</subfield></datafield><datafield ind1=" " ind2=" " tag="012"><subfield code="j">0</subfield><subfield code="m">d</subfield></datafield><datafield ind1="1" ind2=" " tag="022"><subfield code="a">8750-0868</subfield><subfield code="l">8750-0868</subfield><subfield code="2">1</subfield></datafield><datafield ind1="1" ind2=" " tag="029"><subfield code="a">AU@</subfield><subfield code="b">000026926332</subfield></datafield><datafield ind1=" " ind2=" " tag="037"><subfield code="b">Waterloo Courier Inc./Cedar Falls Record, Box 540, Waterloo, IA 50704</subfield></datafield><datafield ind1=" " ind2=" " tag="042"><subfield code="a">nsdp</subfield></datafield><datafield ind1="1" ind2="4" tag="050"><subfield code="a">Newspaper</subfield></datafield><datafield ind1=" " ind2="0" tag="222"><subfield code="a">Waterloo courier Cedar Falls</subfield></datafield><datafield ind1="0" ind2="0" tag="245"><subfield code="a">Waterloo courier Cedar Falls.</subfield></datafield><datafield ind1="1" ind2="0" tag="246"><subfield code="a">Courier</subfield></datafield><datafield ind1=" " ind2=" " tag="260"><subfield code="a">Waterloo, Iowa :</subfield><subfield code="b">Waterloo Courier Inc./Cedar Falls Record,</subfield><subfield code="c">1984-</subfield></datafield><datafield ind1=" " ind2=" " tag="310"><subfield code="a">Daily (except Sat.)</subfield></datafield><datafield ind1="0" ind2=" " tag="362"><subfield code="a">Vol. 126, no. 158 (July 1, 1984)-</subfield></datafield><datafield ind1=" " ind2="0" tag="651"><subfield code="a">Waterloo (Iowa)</subfield><subfield code="v">Newspapers.</subfield></datafield><datafield ind1=" " ind2="0" tag="651"><subfield code="a">Cedar Falls (Iowa)</subfield><subfield code="v">Newspapers.</subfield></datafield><datafield ind1=" " ind2="7" tag="655"><subfield code="a">Newspapers.</subfield><subfield code="2">fast</subfield><subfield code="0">(OCoLC)fst01423814</subfield></datafield><datafield ind1=" " ind2="7" tag="651"><subfield code="a">Iowa</subfield><subfield code="z">Cedar Falls.</subfield><subfield code="2">fast</subfield><subfield code="0">(OCoLC)fst01202896</subfield></datafield><datafield ind1=" " ind2="7" tag="651"><subfield code="a">Iowa</subfield><subfield code="z">Waterloo.</subfield><subfield code="2">fast</subfield><subfield code="0">(OCoLC)fst01217455</subfield></datafield><datafield ind1=" " ind2=" " tag="752"><subfield code="a">United States</subfield><subfield code="b">Iowa</subfield><subfield code="c">Black Hawk</subfield><subfield code="d">Waterloo.</subfield></datafield><datafield ind1=" " ind2=" " tag="752"><subfield code="a">United States</subfield><subfield code="b">Iowa</subfield><subfield code="c">Black Hawk</subfield><subfield code="d">Cedar Falls.</subfield></datafield><datafield ind1="0" ind2="0" tag="780"><subfield code="t">Waterloo courier, the Cedar Falls record</subfield><subfield code="w">(DLC)sn 8308552</subfield><subfield code="x">0746-181X</subfield></datafield><datafield ind1="0" ind2="0" tag="785"><subfield code="t">Courier (Waterloo, Iowa)</subfield><subfield code="x">1555-5771</subfield><subfield code="w">(DLC)  2005214157</subfield><subfield code="w">(OCoLC)58845152</subfield></datafield><datafield ind1=" " ind2=" " tag="936"><subfield code="a">July 11, 1984</subfield></datafield></record>